@inproceedings{endicott2018searching,
  title={Searching and Developing Cybersecurity Talent},
  author={Endicott-Popovsky, Barbara E and Popovsky, Viatcheslav M},
  booktitle={Journal of The Colloquium for Information System Security Education},
  volume={5},
  number={2},
  pages={17--17},
  year={2018}
}

@inproceedings{Stockman2013,
author = {Stockman, Mark},
title = {Infusing Social Science into Cybersecurity Education},
year = {2013},
isbn = {9781450322393},
publisher = {Association for Computing Machinery},
address = {New York, NY, USA},
url = {https://doi.org/10.1145/2512276.2512302},
doi = {10.1145/2512276.2512302},
booktitle = {Proceedings of the 14th Annual ACM SIGITE Conference on Information Technology Education},
pages = {121-124},
numpages = {4},
keywords = {cybersecurity, information technology, crime prevention, criminology, cybercrime, pedagogy, political science, interdisciplinary, network security},
location = {Orlando, Florida, USA},
series = {SIGITE â€™13}
}

@Misc{shadbolt2016shadbolt,
  title={Shadbolt review of computer sciences degree accreditation and graduate employability},
  author={Shadbolt, Nigel},
    year={2016},
howpublished={\url{https://www.gov.uk/government/publications/computer-science-degree-accreditation-and-graduate-employability-shadbolt-review}},
}

@misc{cphc_2016, 
title={Shadbolt Working Groups}, url={https://cphc.ac.uk/what-we-do/shadbolt-working-groups/}, 
journal={CPHC}, 
publisher={CPHC}, 
year={2016}, 
month={Jul},
author={CPHC}}

@inproceedings{davenport2019institute,
  title={The institute of coding: Addressing the uk digital skills crisis},
  author={Davenport, James H and Crick, Tom and Hayes, Alan and Hourizi, Rachid},
  booktitle={{Proc. of 3rd Computing Education Practice Conf.}},
  pages={10},
  year={2019}
}

@misc{ royal, 
title="{Visiting Professors}", 
author={Royal Academy of Engineering}, 
year={2019},
howpublished={\url{https://www.raeng.org.uk/grants-and-prizes/grants/schemes-for-people-in-industry/visiting-professors-in-innovation}}, 
}

@Misc{ BCS2018a,
  title = "{Guidelines on course accreditation (May 2018)}",
  author = {{British Computer Society}},
  year = {2018},
  howpublished = {\url{http://www.bcs.org/content/ConMediaFile/30202}},
  keywords = {CS EDUC}
}

@InProceedings{ Davenportetal2019a,
  title = "{The Institute of Coding: Addressing the UK Digital Skills Crisis}",
  author = {Davenport,J.H. and Crick,T. and Hayes,A. and Hourizi,R.},
  booktitle = {Proceedings 3rd Computing Education Practice Conference},
  year = {2019},
  pages = {10:1--10:4},
  publisher =    {ACM},
  address ={Durham, UK},
  keywords = {CS EDUC UK}
}

@Misc{NCSC2018a,
   title="{NCSC degree certification}",
  author={{National Cyber Security Centre}},
  year={2018},
  howpublished={\url{https://www.ncsc.gov.uk/information/ncsc-degree-certification-call-new-applicants-0}}
}

@Misc{NCSC2018b,
   title="{Certification of Bachelor's and Master's Degrees in Cyber Security}",
  author={{National Cyber Security Centre}},
  year={2018},
  url = {https://www.ncsc.gov.uk/content/files/protected\_files/article\_files/degrees-at-a-glance.pdf}
}

@Misc{NCSC2018c,
   title="{NCSC-Certified Master's and Bachelor's Degrees in Cyber Security --- call for Master's degrees}",
  author={National Cyber Security Centre},
  year={2018},
  howpublished={\url{https://www.ncsc.gov.uk/content/files/protected\_files/article\_files/Computer Science for Cyber Security Sept 2018\_0.pdf}}
}

@article{ Stensaker2006,
  author = {Stensaker, B. and  Harvey, L.},
  year = {2006},
  title = "{Old Wine in New Bottles? A Comparison of Public and Private Accreditation Schemes in Higher Education.}",
  journal={Higher Education Policy},
  volume ={195},
  article={1},
  pages={65-8},
  DOI ={https://doi.org/10.1057/palgrave.hep.8300110}
}
@article{ Mutereko2017,
  author = {Mutereko, S.},
  year = {2017},
  title = "{Analysing the accreditation of engineering education in South Africa through Foucault's panopticon and governmentality lenses.}",
  journal={Assessment \& Evaluation in Higher Education},
  volume ={43},
  article={2},
  pages={235-247},
  DOI ={https://doi.org/10.1080/02602938.2017.1330395}
}

@article{ Brooke2018,
  author = {Brooke, P. and Prickett, T. and Keogh, S. and Bowers, D.},
  year = {2018},
  title = "{Becoming Professional A University Perspective.}",
  journal={ITNow},
  volume ={60},
  issue={2},
  pages={16-17}
}

@Misc{TP2019,
   title="{About accredited Degrees}",
  author={Tech Partnership Degrees},
  year={2019},
  howpublished={\url{https://www.tpdegrees.com/degrees/about-degrees/}}
}

@Misc{IET2019,
   title="{The academic accreditation process}",
  author={Institute of Engineering and Technology},
  year={2019},
  howpublished={\url{https://www.theiet.org/career/accreditation/academic-accreditation/the-academic-accreditation-process/}}
}

@article{Harvey2004,
author = { Lee   Harvey   },
title = {The power of accreditation: views of academics},
journal = {Journal of Higher Education Policy and Management},
volume = {26},
number = {2},
pages = {207-223},
year  = {2004},
publisher = {Routledge}
}

@article{Knight_2015,
title={The International Race for Accreditation},
url={https://ejournals.bc.edu/index.php/ihe/article/view/7490},
volume={40},
journal={International Higher Education},
author={Knight, Jane},
year={2015},
pages = {2-3}
}

@incollection{juran1962quality,
  title={Quality control handbook},
  author={Juran, Joseph M},
  booktitle={Quality control handbook},
  year={1962},
  publisher={McGraw-Hill},
  address={USA}
}

@inproceedings{Cricketal2019,
 author = {T. Crick, J. Davenport, A. Irons and T. Prickett},
 title = {{A UK Case Study on Cybersecurity Education and Accreditation}},
 booktitle = {Proc. IEEE Frontiers in Education Conference},
 year = {2019},
 publisher = {IEEE},
 address="USA"
}

@article{ Irons2016,
  author = {Alastair Irons and Nick Savage and Carsten Maple and Adrian Davies and Lyndsay Turley },
  year = {2016},
  title = "{Cybersecurity in CS Degrees}",
  journal={ITNow},
  volume ={58},
  article={2},
  pages={56-57}
}

@InProceedings{Oudshoornetal2018a,
    title = "{Understanding the New ABET Computer Science Criteria}",
    author = {Oudshoorn,M.J. and Thomas,S. and Raj,R.K. and Parrish,A.},
  booktitle = {{Proc. of SIGCSE 2018}},
  pages = {429--434},
  publisher = {ACM},
  year = 	 {2018},
  address ="USA"
  
}

@Misc{RoyalInstitution2019,
   title="{About: Secrets and lies}",
  author={The Royal Institution},
  year={2019},
  howpublished={\url{https://www.rigb.org/christmas-lectures/2019-secrets-and-lies/about-secrets-and-lies}}
}


@techreport{ACM2013a,
title = "{Computer Science Curricula 2013}",
author = {{ACM/IEEE-CS Joint Task Force on Computing Curricula}},
month = {December},
year = {2013},
institution = {ACM Press and IEEE Computer Society Press},
note = {\url{https://dx.doi.org/10.1145/2534860}}
}

@Misc{EC2019,
   title="{Professional Engineering Institutions}",
  author={Engineering Council},
  year={2019},
  howpublished={\url{https://www.engc.org.uk/about-us/our-partners/professional-engineering-institutions/}}
}

@Misc{EC2018,
   title="{Compensation and condiment}",
  author={Engineering Council},
  year={2018},
  howpublished={\url{https://www.engc.org.uk/engcdocuments/internet/website/compensation and condonement.pdf }}
}

@Misc{Washington2019,
	title="{Washington Accord}",
	author={International Engineering Alliance},
	year={2019},
	howpublished={\url{http://www.ieagreements.org/accords/washington/ }}
}

@Misc{Seoul2019,
	title="{Seoul Accord}",
	author={Seoul Accord},
	year={2019},
	howpublished={\url{https://www.seoulaccord.org/ }}
}


@Misc{ Hannigan2019a,
	title = "{Engineering-based industries are often not very good at cyber security}",
	author = {Hannigan,R.},
	year = {2019},
	howpublished = {\url{https://events.theiet.org/cyber-ics/interview.cfm}},
	annote = {"change the culture in your organisation around cyber security; to t
	ry to do for cyber what has been done so successfully for health and safety, for
	example, over the last ten years - to get everybody to take it seriously; to ta
	ke the risk management process seriously and drive that down through the organis
	ation."},
	keywords = {SECURITY IOT}
}

@INPROCEEDINGS{mcgettrick-et-al:sigcse2014,
	author = {Andrew McGettrick and Lillian N. Cassel and Melissa Dark and Elizabeth K. Hawthorne and John Impagliazzo},
	title = {{Toward curricular guidelines for cybersecurity}},
	booktitle={Proc. of SIGCSE 2014},
	year = {2014},
	publisher = {ACM},
	pages = {81-82},
	address={USA}
}

@misc{ACM2017b,
	title = "{Cybersecurity Curricula 2017}",
	author = {{ACM/IEEE-CS/AIS SIGSEC/IFIP WG 11.8 Joint Task Force on Computing Curricula}},
	month = {December},
	year = {2017},
	institution = {ACM Press and IEEE Computer Society Press},
	howpublished = {\url{https://www.acm.org/binaries/content/assets/education/curricula-recommendations/csec2017.pdf}},
}


@Misc{NCSC2017,
	title="{NCSC-certified degrees}",
	author={{UK National Cyber Security Centre}},
	year={2017},
	month={August},
	howpublished={\url{https://www.ncsc.gov.uk/information/ncsc-certified-degrees}}
}

@ARTICLE{brown-et-al:toce2014,
	author = {Neil C. C. Brown and Sue Sentance and Tom Crick and Simon Humphreys},
	title = {{Restart: The Resurgence of Computer Science in UK Schools}},
	journal = {{ACM Trans. on Computer Science Education}},
	year = {2014},
	volume = {14},
	number = {2},
	pages = {1--22},
	publisher = {ACM}
}

@Article{murphy-et-al:programming2017,
	author = 	 {Ellen Murphy and Tom Crick and James H. Davenport},
	title = 	 {{An Analysis of Introductory Programming Courses at UK Universities}},
	journal = 	 {{The Art, Science, and Engineering of Programming}},
	year = 	 {2017},
	volume = 	 {1(2)},
	number = 	 {18},
	pages = {1-23}
}

@InProceedings{tryfonas+crick:petra2018,
	author =       {Theo Tryfonas and Tom Crick},
	title =        {{Public Policy and Skills for Smart Cities: The UK Outlook}},
	booktitle =    {{Proc. of 11th Int. Conf. on PErvasive Technologies Related to Assistive Environments (PETRA)}},
	pages =        {116-117},
	year = 	 {2018},
	address= {Corfu, Greece},
	publisher ={ACM}
	
}


@INPROCEEDINGS{Ruiz2019a,
	title = "{A Study of the UK Undergraduate Computer Science Curriculum: A Vision of Cybersecurity}",
	author = {Rodrigo Ruiz},
	booktitle={Proc. of 12th IEEE Int. Conf. on Global Security, Safety and Sustainability},
	year = {2019},
	publisher = {IEEE},
	keywords = {SECURITY EDUC UK},
	address = {London, UK},
	pages={1-8},
	numpages={8}
}

@Misc{ Ackerman2019a,
	title = "{Too few cybersecurity professionals is a gigantic problem for 2019}",
	author = {Ackerman,R.},
	year = {2019},
	howpublished = {\url{https://techcrunch.com/2019/01/27/too-few-cybersecurity-professionals-is-a-gigantic-problem-for-2019/}},
	annote = {Between September 2017 and August 2018, U.S. employers posted nearly 314,000 jobs for cybersecurity pros.},
	keywords = {SECURITY JOBS}
}


@misc{cable_2019, title={Every Computer Science Degree Should Require a Course in Cybersecurity}, 
url="https://hbr.org/2019/08/every-computer-science-degree-should-require-a-course-in-cybersecurity", 
journal={Harvard Business Review}, 
author={Cable, J}, 
year={2019}, 
month={Aug}}

@misc{Screenskills2019, title={How to get your courses ScreenSkills endorsement}, 
url="https://www.screenskills.com/education-training/college-and-university/how-to-get-your-courses-screenskills-endorsement/", 
author={Screenskills}, 
year={2019}}

@misc{CSOFS2019, title={Digital Forensics v2016-1}, 
url="https://www.csofs.org/Digital-Forensics", 
author={The Chartered Society of Forensic Sciences}, 
year={2019}}

@misc{BCS2019b, title={HEI application for BCS accreditation}, 
url="https://www.bcs.org/media/1210/accreditation-application-form.pdf", 
author={BCS, The Charterted Institute for IT}, 
year={2019}}

@article{Weiss:2013:THC:2527148.2527180,
	author = {Weiss, Richard and Mache, Jens and Nilsen, Erik},
	title = {Top 10 Hands-on Cybersecurity Exercises},
	journal = {{Journal of Computing Sciences in Colleges}},
	issue_date = {October 2013},
	volume = {29},
	number = {1},
	month = oct,
	year = {2013},
	issn = {1937-4771},
	pages = {140--147},
	publisher = {Consortium for Computing Sciences in Colleges},
	address = {USA},
}

@Misc{ BritishAirways2018a,
	title = "{Customer data theft}",
	author = {{British Airways}},
	year = {2018},
	howpublished = {\url{https://www.britishairways.com/en-gb/information/incident/data-theft/latest-information}}
}

@Misc{ PCI2018b,
	title = "{Requirements and Security Assessment Procedures Version 3.2.1}",
	author = {{Payment Card Industry Security Standards Council (PCI SSC)}},
	year = {2018},
	howpublished = {\url{https://www.pcisecuritystandards.org/document\_library?category=pcidss\&document=pci\_dss}},
	keywords = {SECURITY CARD}
}

@inproceedings{bratus2010teaching,
	title={Teaching the principles of the hacker curriculum to undergraduates},
	author={Bratus, Sergey and Shubina, Anna and Locasto, Michael E},
	booktitle={Proceedings of the 41st ACM technical symposium on Computer science education},
	pages={122--126},
	year={2010},
	organization={ACM},
	publisher={ACM},
	address={USA}
}

@inproceedings{Guimaraesetal2004,
	title={Incorporating security components into database courses},
	author={Guimaraes, Mario and Mattord, Herb and Austin, Richard},
	booktitle={{Proc. of 1st Annual Conf. on Information Security Curriculum Development}},
	pages={49--52},
	year={2004},
	organization={ACM},
	publisher={ACM},
	address={Kennesaw, Georgia, USA }
}

@article{ HornerHyslip2017a,
	author = {Horner, Matthew and Hyslip, Thomas},
	year = {2017},
	title = "{SQL Injection: The Longest Running Sequel in Programming History}",
	journal={Journal of Digital Forensics, Security and Law},
	volume ={12},
	article={10},
	pages={97-107},
	number={2},
	DOI ={https://doi.org/10.15394/jdfsl.2017.1475}
}

@Misc{ SPIDynamics2002,
	title = "{White paper SQL Injection 07-31-02.doc}",
	author = {{SPI Dynamics}.},
	year = {2002},
	howpublished = {\url{https://web.archive.org/web/20030605171750/http://www.spi
	dynamics.com:80/papers/SQLInjectionWhitePaper.pdf}},
	keywords = {SECURITY SQL HIST}
}

@Misc{Anonymous2018b,
	title="{CWE-89: Improper Neutralization of Special Elements used in an SQL Command ('SQL Injection')}",
	author={Anonymous},
	year={2018},
	howpublished={\url{https://cwe.mitre.org/data/definitions/89.html}}
}

@Misc{ OWASP2017a,
	title = "{The Ten Most Critical Web Application Security Risks}",
	author = {{Open Web Application Security Project (OWASP)}},
	year = {2017},
	howpublished = {\url{https://www.owasp.org/index.php/Category:OWASP\_Top\_Ten\_Project\#tab=Main}},
	keywords = {WEB SECURITY}
}

@inproceedings{Drop2019,
	title="{';DROP TABLE textbooks;-- An Argument for SQL Injection Coverage in Database Textbooks}",
	booktitle={Proc. of SIGCSE 2019},
	author = {Taylor, Cynthia and Sakharkar, Saheeel},
	pages={191-197},
	year={2019},
	publisher={ACM},
	address={USA}
}

@Misc{ Bristol2018a,
	title = "{The Cyber Security Body Of Knowledge: Software Security Knowledge Area Issue 1.0}",
	author = {{University of Bristol Cyber Security Group}},
	year = {2018},
	howpublished = {\url{https://www.cybok.org/}},
	keywords = {SECURITY EDUC}
}

@inproceedings{vanderHeijden:2018:EPS:3239235.3267426,
	author = {van der Heijden, Amber and Broasca, Cosmin and Serebrenik, Alexander},
	title = {An Empirical Perspective on Security Challenges in Large-scale Agile Software Development},
	booktitle = {Proc. ESEM'18},
	year = {2018},
	pages = {45:1--45:4},
	publisher = {ACM},
	keywords = {agile software development, large-scale agile, security management},
	address={Oulu, Finland}
} 


@Article{ Naiakshinaetal2017a,
	title = "{Why Do Developers Get Password Storage Wrong?: A Qualitative Usability Study}",
	author = {Naiakshina,A. and Danilova,A. and Tiefenau,C. and Herzog,M. and Dechand,S. and Smith,M.},
	journal = {Proc. 2017 ACM SIGSAC Conf. on Computer and Communications Security},
	year = {2017},
	pages = {311-328},
	keywords = {SECURITY PASSWORD EDUC},
	publisher ={ACM},
	address={Dallas, Texas, USA}
}

@Article{ Naiakshinaetal2018a,
	title = "{Deception Task Design in Developer Password Studies: Exploring a Student Sample}",
	author = {Naiakshina,A. and Danilova,A. and Tiefenau,C. and Smith,M.},
	journal = {In Fourteenth Symposium on Usable Privacy and Security (SOUPS 2018). USENIX Association},
	year = {2018},
	pages = {297-313},
	keywords = {SECURITY PASSWORD EDUC}
}

@Misc{ Naiakshinaetal2019a,
	title = "{"If you want, I can store the encrypted password." A Password-Storage Field Study with Freelance Developers}",
	author = {Naiakshina,A. and Danilova,A. and Gerlitz,E. and von Zezschwitz,E. and Smith,M.},
	year = {2019},
	howpublished = {\url{https://doi.org/10.1145/3290605.3300370}},
	annote = {To appear in CHI 2019.},
	keywords = {SECURITY PASSWORD EDUC}
}





@Misc{NCSC2018b,
	title="{Certification of Bachelor's and Master's Degrees in Cyber Security}",
	author={{UK National Cyber Security Centre}},
	year={2018},
	howpublished = {\url{https://www.ncsc.gov.uk/content/files/protected\_files/article\_files/degrees-at-a-glance.pdf}}
}

@Misc{NCSC2018c,
	title="{NCSC-Certified Master's and Bachelor's Degrees in Cyber Security --- call for Master's degrees}",
	author={UK National Cyber Security Centre},
	year={2018},
	howpublished={\url{https://www.ncsc.gov.uk/content/files/protected\_files/article\_files/Computer Science for Cyber Security Sept 2018\_0.pdf}}
}


@Misc{ BCS2018b,
	title = "{List of Changes made since 2015 v2}",
	author = {{BCS, The Chartered Institute for IT}},
	year = {2018},
	howpublished = {\url{https://www.bcs.org/upload/pdf/guidelines-changes-2018.pdf}},
	keywords = {CS EDUC}
}

@Misc{ ACMIEEEAISSIGSECIFIP,
	title = "{Cybersecurity Curricula 2017: Curriculum Guidelines for Post-Secondary Degree Programs in Cybersecurity}",
	author = {{ACM/IEEE/AIS/IFIP Joint Task Force on Cybersecurity Education}},
	year = {2017},
	keywords = {CS EDUC}
}

@InProceedings{Bartsch2011a,
	title = "{Practitioners' Perspectives on Security in Agile Development}",
	author = {Bartsch,S.},
	booktitle = {Proc. of Int. Conf. on Availability Reliability and Security},
	year = 	 {2011},
	pages = {479-484},
	keywords = {SECURITY AGILE},
	publisher ={ACM},
	address={Washinton DC, USA}
}

@Misc{ CPHCISC2,
	title = "{Cybersecurity Principles and Learning Outcomes for Computer Science and IT-Related Degrees)}",
	author = {{CPHC} and {(ISC)$^2$}},
	year = {2015},
	howpublished = {\url{https://cphcuk.files.wordpress.com/2015/06/j0028-isc2-white-paper-a4-v5-260515lr.pdf}},
	keywords = {CS EDUC}
}

@Misc{ CPHCISC2014,
	title = "{Perspectives: Integrating Cybersecurity into Computer Science Curricula}",
	author = {{CPHC} and {(ISC)$^2$}},
	year = {2014},
	howpublished = {\url{https://cphcuk.files.wordpress.com/2014/11/perspectives_integrating-cybersecurity-into-computer-science-curricula-final31102014.pdf}},
	keywords = {CS EDUC}
}

@Misc{ Parr2014a,
	title = "{Cybersecurity skills need boost in computer science degrees}",
	author = {Parr,C.},
	year = {2014},
	howpublished = {\url{https://www.timeshighereducation.com/news/cybersecurity-skills-need-boost-in-computer-science-degrees/2016933.article}},
	keywords = {SECURITY CS EDUC}
}

@Misc{ ukcyberstrategy:2016,
	title = "{National Cyber Security Strategy 2016 to 2021}",
	author = {{UK Cabinet Office}},
	year = {2016},
	howpublished = {\url{https://www.gov.uk/government/publications/national-cyber-security-strategy-2016-to-2021}},
	keywords = {SECURITY}
}

@Misc{ UKCabinetOffice2014,
	title = "{Cyber security skills: business perspectives and government's next steps}",
	author = {{UK Cabinet Office}},
	year = {2014},
	howpublished = {\url{https://www.gov.uk/government/publications/cyber-security-skills-business-perspectives-and-governments-next-steps}},
	keywords = {SECURITY}
}


@Misc{ NICE,
	title = "{NICE Cybersecurity Workforce Framework}",
	author = {{National Initiative for Cybersecurity Education}},
	year = {2013},
	howpublished = {\url{https://www.nist.gov/itl/applied-cybersecurity/nice/resources/nice-cybersecurity-workforce-framework}},
	keywords = {SECURITY}
}


@Misc{ equifax2017,
	title = "{Cybersecurity incident -- information for UK consumers}",
	author = {{Equifax}},
	year = {2017},
	howpublished = {\url{https://www.equifax.co.uk/incident.html}}
}

@Misc{ ashleymadison2015,
	title = "{Ashley Madison data breach}",
	author = {{Wikipedia}},
	year = {2015},
	howpublished = {\url{https://en.wikipedia.org/wiki/Ashley_Madison_data_breach}}
}

@Misc{ talktalk2016,
	title = "{TalkTalk hit with record \pounds400k fine over cyber-attack}",
	author = {{The Guardian}},
	year = {2016},
	howpublished = {\url{https://www.theguardian.com/business/2016/oct/05/talktalk-hit-with-record-400k-fine-over-cyber-attack}}
}

@Misc{ ncsc2018,
	title = "{Reckless campaign of cyber attacks by Russian military intelligence service exposed}",
	author = {{UK National Cyber Security Centre}},
	year = {2018},
	howpublished = {\url{https://www.ncsc.gov.uk/news/reckless-campaign-cyber-attacks-russian-military-intelligence-service-exposed}}
}

@Misc{ eucyber2018,
	title = "{Cybersecurity Act}",
	author = {{European Commission}},
	year = {2018},
	howpublished = {\url{https://ec.europa.eu/commission/news/cybersecurity-act-2018-dec-11_en}}
}

@Misc{ Cox2015a,
	title = "{The History of SQL Injection, the Hack That Will Never Go Away}",
	author = {Cox,J.},
	year = {2015},
	howpublished = {\url{https://motherboard.vice.com/en\_us/article/aekzez/the-history-of-sql-injection-the-hack-that-will-never-go-away}},
	keywords = {SECURITY DATA EDUC}
}

@Misc{ Davenportminor2019a,
	title = "{Notes on SIGCSE 2019}",
	author = {Davenport,J.H.},
	year = {2019},
	howpublished = {\url{http://staff.bath.ac.uk/masjhd/Meetings/JHDonSIGCSE2019
	a}},
	keywords = {CS EDUC SECURITY}
}


@article{ McGettrick2013,
	author = {McGettrick, Andrew},
	year = {2013},
	title = "{Toward effective cybersecurity education}",
	journal={IEEE Security and Privacy},
	volume ={11},
	number ={6},
	pages={66-68},
	DOI ={https://doi.org/10.1109/MSP.2013.155}
}

@Misc{ Page2018a,
	title = "{Closing the information security skills gap}",
	author = {{Michael Page Ltd.}},
	year = {2018},
	howpublished = {\url{https://www.michaelpage.co.uk/our-expertise/technology/closing-information-security-skills-gap}},
	annote = {Quotes a survey from ESG},
	keywords = {SECURITY JOBS}
}

@Misc{ESG:2018,
	title = "{2018 Cybersecurity Spending Trends}",
	author = {{ESG}},
	year = {2018},
	howpublished = {\url{https://www.esg-global.com/research/esg-brief-2018-cybersecurity-spending-trends}}
}

@Misc{ StangerMartin2015a,
	title = "{The 50 Best Computer-Science and Engineering Schools in America, 2015}",
	author = {Stanger,M. and Martin,E.},
	year = {2015},
	howpublished = {\url{http://www.businessinsider.com/best-computer-science-engineering-schools-in-america-2015-7}},
	keywords = {CS EDUC USA}
}


@article{ Stensaker2006,
	author = {Stensaker, B. and  Harvey, L.},
	year = {2006},
	title = "{Old Wine in New Bottles? A Comparison of Public and Private Accreditation Schemes in Higher Education.}",
	journal={Higher Education Policy},
	volume ={195},
	article={1},
	pages={65-8},
	DOI ={https://doi.org/10.1057/palgrave.hep.8300110}
}

@InProceedings{ Unruhetal2017a,
	title = "{Leveraging Flawed Tutorials for Seeding Large-Scale Web Vulnerability Discovery}",
	author = {Unruh,T. and Shastry,B. and Skoruppa,M. and Maggi,F. and Rieck,K. and Seifert,J.-P. and Yamaguchi,F.},
	booktitle = {{Proc. of 11th USENIX Workshop on Offensive Technologies (WOOT 2017)}},
	year = 	 {2017},
	keywords = {WEB SECURITY TEACH},
	publisher={USENIX, the Advanced Computing Systems Association},
	address={Vancouver, BC, Canada}
}

@article{ Mutereko2017,
	author = {Mutereko, S.},
	year = {2017},
	title = "{Analysing the accreditation of engineering education in South Africa through Foucault's panopticon and governmentality lenses.}",
	journal={Assessment \& Evaluation in Higher Education},
	volume ={43},
	article={2},
	pages={235-247},
	DOI ={https://doi.org/10.1080/02602938.2017.1330395}
}


@article{ Hentea2006,
	author = {Hentea, M.  and Dhillon, H.S. and Dhillon, M.},
	year = {2006},
	title = "{Towards Changes in Information Security Education}",
	journal={{Journal of Information Technology Education: Research}},
	volume ={5},
	article={1},
	pages={221-233}
}

@article{ Irons2016,
	author = {Alastair Irons and Nick Savage and Carsten Maple and Adrian Davies and Lyndsay Turley },
	year = {2016},
	title = "{Cybersecurity in CS Degrees}",
	journal={ITNow},
	volume ={58},
	article={2},
	pages={56-57}
}

@TechReport{JCNSS2018a,
	author = "{Joint Committee [of Parliament] on the National Security Strategy}",
	title="{Cyber Security Skills and the UK's Critical National Infrastructure: Second Report of Session 2017-19}",
	year={2018},
	number = {HL Paper 172/ HC 706}, 
	institution = {Houses of Parliament},
	url = {https://publications.parliament.uk/pa/jt201719/jtselect/jtnatsec/706/70605.htm}
}



@INPROCEEDINGS{crick+sentance:2011,
	author = {Tom Crick and Sue Sentance},
	title = {{Computing At School: Stimulating Computing Education in the UK}},
	booktitle = {{Proc. of 11th Koli Calling Int. Conf. on
	Computing Education Research}},
	year = {2011},
	pages = {122-123},
	publisher = {ACM}
}

@INPROCEEDINGS{brown-et-al:sigcse2013,
	author = {Neil C. C. Brown and Michael K\"{o}lling and Tom Crick and Simon {Peyton Jones} and Simon Humphreys and Sue Sentance},
	title = {{Bringing Computer Science Back Into Schools: Lessons from the UK}},
	booktitle={Proc. of SIGCSE 2013},
	year = {2013},
	publisher = {ACM},
	pages = {269--274}
}

@Article{moller+crick:jce2018,
	author = 	 {Faron Moller and Tom Crick},
	title = 	 {{A University-Based Model for Supporting Computer Science Curriculum Reform}},
	journal = 	 {{Journal of Computers in Education}},
	year = 	 {2018},
	volume = 	 {5},
	number = 	 {4},
	pages =        {415--434}
}

@TECHREPORT{wgictreview:2013,
	author = {Stuart Arthur and Tom Crick and Janet Hayward},
	title = {{The ICT Steering Group's Report to the Welsh Government}},
	year = {2013},
	month = {September}
}

%note = {\url{https://gov.wales/future-computer-science-and-information-technology-schools-ict-steering-group-report}}

@INPROCEEDINGS{davenport-et-al:latice2016,
	author =       {James H. Davenport and Alan Hayes and Rachid Hourizi and Tom Crick},
	title =        {{Innovative Pedagogical Practices in the Craft of Computing}},
	booktitle =    {{Proc. of 4th Int. Conf. on Learning and Teaching in Computing and Engineering (LaTiCE 2016)}},
	pages = {115-119},
	publisher = {IEEE Press},
	year = 	 {2016},
	address={Mumbai, India}
}

@InProceedings{simon-et-al:sigcse2018,
	author = 	 {{Simon} and Raina Mason and Tom Crick and James H. Davenport and Ellen Murphy},
	title = 	 {{Language Choice in Introductory Programming Courses at Australasian and UK Universities}},
	booktitle = {{Proc. of SIGCSE 2018}},
	pages = {852--857},
	publisher = {ACM},
	year = 	 {2018}
}


@InProceedings{ Mengetal2018a,
	title = "{Secure coding practices in Java: Challenges and vulnerabilities}",
	author = {Meng,N. and Nagy,S. and Yao,D. and Zhuang,W. and Arango Argoty,G.},
	booktitle = {IEEE/ACM 40th Int. Conf. on Software Engineering},
	year = {2018},
	pages = {372-383},
	keywords = {PROG JAVA SEEALSO(2017a)},
	publisher={IEEE},
	address={Gothenburg, Sweden}
}


@Misc{ Chenetal2019a,
	title = "{How Reliable is the Crowdsourced Knowledge of Security Implementation?}",
	author = {Chen,M. and Fischer,F. and Meng,N. and Wang,X. and Grossklags,J.},
	year = {2019},
	howpublished = {\url{https://arxiv.org/abs/1901.01327}},
	keywords = {SECURITY JAVA}
}

@Misc{ Zorz2019a,
	title = "{Popular coding advice doesn't necessarily equal secure coding advice}",
	author = {Zorz,Z.},
	year = {2019},
	howpublished = {\url{https://www.helpnetsecurity.com/2019/01/09/insecure-coding-advice/}},
	keywords = {SECURITY JAVA}
}

@InProceedings{ Fischeretal2017a,
	title = "{Stack Overflow Considered Harmful? The Impact of Copy\&Paste on Android Application Security}",
	author = {Fischer,F. and B\"ottinger,K. and Xiao,H. and Stransky,C. and Acar,Y. and Backes,M. and Fahl,S.},
	booktitle = {38th IEEE Symposium on Security and Privacy},
	year = {2017},
	pages = {121-136},
	publisher={IEEE},
	address ={San Jose, CA, USA}
}


@inproceedings{Parrishetal2018a,
	author = {Parrish, Allen and Impagliazzo, John and Raj, Rajendra K. and Santos, Henrique and Asghar, Muhammad Rizwan and J{\o}sang, Audun and Pereira, Teresa and S\'{a}, V\'{\i}tor J. and Stavrou, Eliana},
	title = {Global Perspectives on Cybersecurity Education},
	booktitle = {Proc. of ITiCSE 2018},
	year = {2018},
	publisher = {ACM},
	keywords = {ITiCSE working group, computer security education, cybersecurity education, global standards, information assurance education},
} 




@Misc{ Bristol2019a,
	title = "{CyBOK: The Cyber Security Body Of Knowledge}",
	author = {{University of Bristol Cyber Security Group}},
	year = {2019},
	howpublished = {\url{https://www.cybok.org}},
	keywords = {SECURITY EDUC}
}


@Misc{ EU292016a,
	title = "{Guidelines on Data Protection Officers (`DPOs')}",
	author = {{Article 29 Data Protection Working Party}},
	year = {2016},
	howpublished = {\url{http://ec.europa.eu/information\_society/newsroom/image/document/2016-51/wp243\_en\_40855.pdf}},
	keywords = {PRIVACY}
}}


@Misc{ McCreanor2018d,
	title = "{Finding the right candidate to be your DPO}",
	author = {McCreanor,N.},
	year = {2018},
	howpublished = {\url{https://www.itgovernance.eu/blog/en/finding-the-right-candidate-to-be-your-dpo}},
	annote = {Basically an ITG sales job},
	keywords = {PRIVACY JOURNO}
}

@Misc{ Barth2018a,
	title = "{No fly-by-night operation: Researchers suspect Magecart group behind British Airways breach}",
	author = {Barth,B.},
	year = {2018},
	howpublished = {\url{https://www.scmagazine.com/home/security-news/no-fly-by-night-operation-researchers-suspect-magecart-group-behind-british-airways-breach/}},
	annote = {Good technical details: "The alteration required a mere 22 lines of additional code, written in such a way to at first glance look like legit programming, including the use of a malicious domain named baways.com that actually is hosted on a Romanian IP address."},
	keywords = {SECURITY CARD}
}

@Misc{ Votipkaetal2019a,
	title = "{Understanding Security Mistakes Developers Make}",
	author = {Votipka,D. and Fulton,K. and Parker,J. and Hou,M. and Mazurek,M. and Hicks,M.},
	year = {2019},
	howpublished = {\url{https://rwc.iacr.org/2019/slides/RWC-BIBIFI-qual.pdf}},
	keywords = {SECURITY PROG}
}


@INPROCEEDINGS{conklin-et-al:2014,
	author = {Arthur Conklin and Raymond E. Cline and Tiffany Roosa},
	title = {{Re-engineering Cybersecurity Education in the US: An Analysis of the Critical Factors}},
	booktitle={Proc. of 47th Hawaii Int. Conf. on System Sciences},
	year = {2014},
	publisher = {IEEE}
}

@article{schneider2013,
	author = {Fred B. Schneider},
	year = {2013},
	title = "{Cybersecurity Education in Universities}",
	journal={IEEE Security and Privacy},
	volume ={11},
	number ={4},
	pages={3-4}
}

@inproceedings{Parrishetal2018b,
	author = {Parrish, Allen and Impagliazzo, John and Raj, Rajendra K. and Santos, Henrique and Asghar, Muhammad Rizwan and J{\o}sang, Audun and Pereira, Teresa and Stavrou, Eliana},
	title = {Global perspectives on cybersecurity education for 2030: a case for a meta-discipline},
	booktitle = {Proc. of ITiCSE 2018},
	year = {2018},
	pages = {36-54},
	publisher = {ACM}
}

@article{manson+pike:2014,
	author = {Daniel Manson and Ronald Pike},
	year = {2013},
	title = "{The case for depth in cybersecurity education}",
	journal={{ACM Inroads}},
	volume ={5},
	number ={1},
	pages={47-52}
}

@TechReport{lordscyberreport:2018,
	author = 	 {{Joint Committee on the National Security Strategy}},
	title = 	 {{Cyber Security Skills and the UK's Critical National Infrastructure}},
	institution =  {UK Parliament},
	year = 	 {2018},
	note = 	 {\url{https://publications.parliament.uk/pa/jt201719/jtselect/jtnatsec/706/70602.htm}},
}


@Misc{ NCSC2017ce,
	title = "{Cyber Essentials}",
	author = {National Cyber Security Centre},
	year = {2017},
	howpublished = {\url{https://www.cyberessentials.ncsc.gov.uk/}},
	keywords = {SECURITY PROG}
}

@Misc{ BBC2019,
	title = "{British Airways faces record Â£183m fine for data breach}",
	author = {BBC},
	year = {2019},
	howpublished = {\url{https://www.bbc.co.uk/news/business-48905907}},
	keywords = {SECURITY PROG}
}

@Article{ Secureworks2019a,
  title = "{5 Common Questions Asked of Our Incident Responders}",
  author = {Secureworks},
  journal = {Secureworks Inc.},
  year = {2019},
  keywords = {SECURITY RESPONSE},
  url ={https://www.secureworks.com/resources/wp-incident-response-common-questions}
}

@Misc{ Grimes2019b,
  title = "{The best password advice right now (Hint: It's not the NIST guidelines)}",
  author = {Grimes,R.A.},
  year = {2019},
  howpublished = {\url{https://www.csoonline.com/article/3306757/the-best-password-advice-right-now.html}},
  keywords = {SECURITY PASSWORD}
}

@Misc{ NIST2019e,
  title = "{NIST Special Publication 800-63B: Digital Identity Guidelines: Authentication and Lifecycle Management}",
  author = {{National Institute for Standards and Technology}},
  year = {2019},
  howpublished = {\url{https://pages.nist.gov/800-63-3/sp800-63b.html}},
  keywords = {SECURITY SEEALSO(2017a)}
}

@InProceedings{ InglesantSasse2010a,
  title = "{The true cost of unusable password policies: password use in the wild}",
  author = {Inglesant,P.G. and Sasse,M.A.},
  booktitle = {Proceedings of the SIGCHI Conference on Human Factors in Computing Systems},
  year = {2010},
  pages = {383-392},
  keywords = {PASSWORD SECURITY}
}

@Misc{ PurpleSec2020a,
  title = "{The Ultimate List Of Cyber Security Statistics For 2019}",
  author = {{PurpleSec LLC}},
  year = {2020},
  howpublished = {\url{https://purplesec.us/resources/cyber-security-statistics}},
  annote = {Looking for the latest cyber security stats and trends? Weâ€™ve got you covered.},
  keywords = {SECURITY}
}

@Misc{ Zoom2020a,
  title = "{The Facts Around Zoom and Encryption for Meetings/Webinars}",
  author = {{Zoom Blog (Oded Gal)}},
  year = {2020},
  howpublished = {\url{https://blog.zoom.us/wordpress/2020/04/01/facts-around-zoom-encryption-for-meetings-webinars/}},
  keywords = {SECURITY CONFERENCE}
}
